@article{cadar2013symbolic,
  title={Symbolic execution for software testing: three decades later},
  author={Cadar, Cristian and Sen, Koushik},
  journal={Communications of the ACM},
  volume={56},
  number={2},
  pages={82--90},
  year={2013},
  publisher={ACM}
}

@article{godefroid2012sage,
  title={SAGE: whitebox fuzzing for security testing},
  author={Godefroid, Patrice and Levin, Michael Y and Molnar, David},
  journal={Queue},
  volume={10},
  number={1},
  pages={20},
  year={2012},
  publisher={ACM}
}

@inproceedings{holler2012fuzzing,
  title={Fuzzing with code fragments},
  author={Holler, Christian and Herzig, Kim and Zeller, Andreas},
  booktitle={Presented as part of the 21st USENIX Security Symposium (USENIX Security 12)},
  pages={445--458},
  year={2012}
}




% NEW
@inproceedings{godefroid2008grammar,
  title={Grammar-based whitebox fuzzing},
  author={Godefroid, Patrice and Kiezun, Adam and Levin, Michael Y},
  booktitle={ACM Sigplan Notices},
  volume={43},
  number={6},
  pages={206--215},
  year={2008},
  organization={ACM}
}

@inproceedings{wang2015evaluating,
  title={Evaluating Initial Inputs for Concolic Testing},
  author={Wang, Weiguang and Zeng, Qingkai},
  booktitle={Theoretical Aspects of Software Engineering (TASE), 2015 International Symposium on},
  pages={47--54},
  year={2015},
  organization={IEEE}
}

@inproceedings{godefroid2008automated,
  title={Automated Whitebox Fuzz Testing.},
  author={Godefroid, Patrice and Levin, Michael Y and Molnar, David A and others},
  booktitle={NDSS},
  volume={8},
  pages={151--166},
  year={2008}
}